@article{durt2010mutually,
    title={On mutually unbiased bases},
    author={Durt, Thomas and Englert, Berthold-Georg and Bengtsson, Ingemar and {\.Z}yczkowski, Karol},
    journal={International journal of quantum information},
    volume={8},
    number={04},
    pages={535--640},
    year={2010},
    publisher={World Scientific}
}

@article{lin2021quantum,
    title={Quantum information and beyond--with quantum candies},
    author={Lin, Junan and Mor, Tal and Shapira, Roman},
    journal={arXiv preprint arXiv:2110.01402},
    year={2021}
}

@inproceedings{lin2020quantum,
    title={Quantum candies and quantum cryptography},
    author={Lin, Junan and Mor, Tal},
    booktitle={Theory and Practice of Natural Computing: 9th International Conference, TPNC 2020, Taoyuan, Taiwan, December 7--9, 2020, Proceedings 9},
    pages={69--81},
    year={2020},
    organization={Springer}
}

@article{mor2022digital,
    title={Digital Signatures with Quantum Candies},
    author={Mor, Tal and Shapira, Roman and Shemesh, Guy},
    journal={Entropy},
    volume={24},
    number={2},
    pages={207},
    year={2022},
    publisher={MDPI}
}

@article{ma2016delayed,
    title={Delayed-choice gedanken experiments and their realizations},
    author={Ma, Xiao-song and Kofler, Johannes and Zeilinger, Anton},
    journal={Reviews of Modern Physics},
    volume={88},
    number={1},
    pages={015005},
    year={2016},
    publisher={APS}
}

@article{wootters1989optimal,
    title={Optimal state-determination by mutually unbiased measurements},
    author={Wootters, William K and Fields, Brian D},
    journal={Annals of Physics},
    volume={191},
    number={2},
    pages={363--381},
    year={1989},
    publisher={Elsevier}
}

@article{ivanovic1987differentiate,
    title={How to differentiate between non-orthogonal states},
    author={Ivanovic, Igor D},
    journal={Physics Letters A},
    volume={123},
    number={6},
    pages={257--259},
    year={1987},
    publisher={Elsevier}
}

@article{bandyopadhyay2002new,
    title={A new proof for the existence of mutually unbiased bases},
    author={Bandyopadhyay, Somshubhro and Boykin, P Oscar and Roychowdhury, Vwani and Vatan, Farrokh},
    journal={Algorithmica},
    volume={34},
    number={4},
    pages={512--528},
    year={2002},
    publisher={Springer}
}

@inproceedings{cao2017survey,
    title={A survey of vehicle routing problem},
    author={Cao, Wujun and Yang, Wenshui},
    booktitle={MATEC Web of Conferences},
    volume={100},
    pages={01006},
    year={2017},
    organization={EDP Sciences}
}

@article{toth2002overview,
    title={An overview of vehicle routing problems},
    author={Toth, Paolo and Vigo, Daniele},
    journal={The vehicle routing problem},
    pages={1--26},
    year={2002},
    publisher={SIAM}
}

@incollection{laporte1987exact,
    title={Exact algorithms for the vehicle routing problem},
    author={Laporte, Gilbert and Nobert, Yves},
    booktitle={North-Holland mathematics studies},
    volume={132},
    pages={147--184},
    year={1987},
    publisher={Elsevier}
}

@inproceedings{hifi2014hybrid,
    title={A hybrid metaheuristic for the vehicle routing problem with time windows},
    author={Hifi, Mhand and Wu, Lei},
    booktitle={2014 International Conference on Control, Decision and Information Technologies (CoDIT)},
    pages={188--194},
    year={2014},
    organization={IEEE}
}